@article{ lecun-01a,
	original =      "orig/lecun-01a.ps.gz",
	author = 	"LeCun, Y. and Bottou, L. and Bengio, Y. and Haffner, P.",
	title = 	"Gradient-Based Learning Applied to Document Recognition",
	booktitle =     "Intelligent Signal Processing",
	editors =       "Haykin, S. and Kosko, B.",
	pages =         "306-351",
	publisher =     "IEEE Press",
	year =Press2001
}

@article{NIPS2012_4824,
	title = {ImageNet Classification with Deep Convolutional Neural Networks},
	author = {Alex Krizhevsky and Sutskever, Ilya and Hinton, Geoffrey E},
	booktitle = {Advances in Neural Information Processing Systems 25},
	editor = {F. Pereira and C. J. C. Burges and L. Bottou and K. Q. Weinberger},
	pages = {1097--1105},
	year = {2012},
	publisher = {Curran Associates, Inc.},
	url = {http://papers.nips.cc/paper/4824-imagenet-classification-with-deep-convolutional-neural-networks.pdf}
}

